% This file was created with JabRef 2.10b2.
% Encoding: UTF-8


@Article{abbasi2004early,
  Title                    = {Early diagnosis of cutaneous melanoma: revisiting the ABCD criteria},
  Author                   = {Abbasi, Naheed R and Shaw, Helen M and others},
  Journal                  = {Jama},
  Year                     = {2004},
  Number                   = {22},
  Pages                    = {2771--2776},
  Volume                   = {292},

  Publisher                = {American Medical Association}
}

@Article{barata2013two,
  Title                    = {Two Systems for the Detection of Melanomas in Dermoscopy Images Using Texture and Color Features},
  Author                   = {Barata, C. and Ruela, M. and Francisco, M. and Mendon√ßa, T. and Marques, J.S.},
  Journal                  = {IEEE Systems Journal,},
  Year                     = {2014},

  Month                    = {Sept},
  Number                   = {3},
  Pages                    = {965-979},
  Volume                   = {8}
}

@Inproceedings{mendoncca2013ph,
  title={PH 2-A dermoscopic image database for research and benchmarking},
  author={Mendon{\c{c}}a, Teresa and Ferreira, Pedro M and Marques, Jorge S and Marcal, Andr{\'e} RS and Rozeira, Jorge},
  booktitle={Engineering in Medicine and Biology Society (EMBC), 2013 35th Annual International Conference of the IEEE},
  pages={5437--5440},
  year={2013},
  organization={IEEE}
}


@InCollection{barata2014bag,
  Title                    = {A Bag-of-Features Approach for the Classification of Melanomas in Dermoscopy Images: The Role of Color and Texture Descriptors},
  Author                   = {Barata, Catarina and Ruela, Margarida and Mendon{\c{c}}a, Teresa and Marques, Jorge S},
  Booktitle                = {Computer Vision Techniques for the Diagnosis of Skin Cancer},
  Publisher                = {Springer},
  Year                     = {2014},
  Editor                   = {J. Scharcanski and M. Emre},
  Pages                    = {49--69}
}

@Article{breiman2001random,
  Title                    = {Random forests},
  Author                   = {Breiman, Leo},
  Journal                  = {Machine learning},
  Year                     = {2001},
  Number                   = {1},
  Pages                    = {5--32},
  Volume                   = {45},

  Publisher                = {Springer}
}
@Article{korotkov2012computerized,
  title={Computerized analysis of pigmented skin lesions: a review},
  author={Korotkov, Konstantin and Garcia, Rafael},
  journal={Artificial intelligence in medicine},
  volume={56},
  number={2},
  pages={69--90},
  year={2012},
  publisher={Elsevier}
}


@Article{elad2006image,
  Title                    = {Image denoising via sparse and redundant representations over learned dictionaries},
  Author                   = {Elad, Michael and Aharon, Michal},
  Journal                  = {Image Processing, IEEE Transactions on},
  Year                     = {2006},
  Number                   = {12},
  Pages                    = {3736--3745},
  Volume                   = {15},

  Publisher                = {IEEE}
}

@Article{forsea2012melanoma,
  Title                    = {Melanoma incidence and mortality in Europe: new estimates, persistent disparities},
  Author                   = {Forsea, AM and Del Marmol, V and de Vries, E and Bailey, EE and Geller, AC},
  Journal                  = {British Journal of Dermatology},
  Year                     = {2012},
  Number                   = {5},
  Pages                    = {1124--1130},
  Volume                   = {167},

  Publisher                = {Wiley Online Library}
}

@InProceedings{lowe1999object,
  Title                    = {Object recognition from local scale-invariant features},
  Author                   = {Lowe, David G},
  Booktitle                = {Computer vision, 1999. The proceedings of the seventh IEEE international conference on},
  Year                     = {1999},
  Organization             = {Ieee},
  Pages                    = {1150--1157},
  Volume                   = {2}
}

@Article{rastgoo2015automatic,
  Title                    = {Automatic differentiation of melanoma from dysplastic nevi},
  Author                   = {Rastgoo, Mojdeh and Garcia, Rafael and Morel, Olivier and Marzani, Franck},
  Journal                  = {Computerized Medical Imaging and Graphics},
  Year                     = {2015},
  Pages                    = {44--52},
  Volume                   = {43},

  Publisher                = {Elsevier}
}

@InProceedings{rastgoo2015ensemble,
  Title                    = {Ensemble approach for differentiation of malignant melanoma},
  Author                   = {Rastgoo, Mojdeh and Morel, Olivier and Marzani, Franck and Garcia, Rafael},
  Booktitle                = {The International Conference on Quality Control by Artificial Vision 2015},
  Year                     = {2015},
  Organization             = {International Society for Optics and Photonics},
  Pages                    = {953415--953415}
}

@Article{rubinstein2008efficient,
  Title                    = {Efficient implementation of the K-SVD algorithm using batch orthogonal matching pursuit},
  Author                   = {Rubinstein, Ron and Zibulevsky, Michael and Elad, Michael},
  Journal                  = {CS Technion},
  Year                     = {2008},
  Number                   = {8},
  Pages                    = {1--15},
  Volume                   = {40},

  Url                      = {http://www.cs.technion.ac.il/~ronrubin/software.html}
}

@Article{sidibe2015discrimination,
  Title                    = {Discrimination of retinal images containing bright lesions using sparse coded features and SVM},
  Author                   = {Sidib{\'e}, D{\'e}sir{\'e} and Sadek, Ibrahim and M{\'e}riaudeau, Fabrice},
  Journal                  = {Computers in biology and medicine},
  Year                     = {2015},
  Pages                    = {175--184},
  Volume                   = {62},

  Publisher                = {Elsevier}
}

@Other{CancerFactsFigures2014,
  Title                    = {Cancer facts \& figures 2014},
  Author                   = {American Cancer Society},
  Owner                    = {mojdeh},
  Timestamp                = {2014.11.06},
  Url                      = {http://www.cancer.org/research/cancerfactsstatistics/cancerfactsfigures2014},
  Year                     = {2014}
}

@InCollection{van2006coloring,
  Title                    = {Coloring local feature extraction},
  Author                   = {Van De Weijer, Joost and Schmid, Cordelia},
  Booktitle                = {Computer Vision--ECCV 2006},
  Publisher                = {Springer},
  Year                     = {2006},
  Pages                    = {334--348}
}

@Article{wright2009robust,
  Title                    = {Robust face recognition via sparse representation},
  Author                   = {Wright, John and Yang, Allen Y and Ganesh, Arvind and Sastry, Shankar S and Ma, Yi},
  Journal                  = {Pattern Analysis and Machine Intelligence, IEEE Transactions on},
  Year                     = {2009},
  Number                   = {2},
  Pages                    = {210--227},
  Volume                   = {31},

  Publisher                = {IEEE}
}

@InProceedings{yang2009linear,
  Title                    = {Linear spatial pyramid matching using sparse coding for image classification},
  Author                   = {Yang, Jianchao and Yu, Kai and Gong, Yihong and Huang, Tingwen},
  Booktitle                = {Computer Vision and Pattern Recognition, 2009. CVPR 2009. IEEE Conference on},
  Year                     = {2009},
  Organization             = {IEEE},
  Pages                    = {1794--1801}
}

@Electronic{WoH,
  Title                    = {World Health Organization, Skin Cancer},
  Url                      = {http://www.who.int/uv/faq/skincancer/en/index1.html},

  Owner                    = {lemaitre},
  Timestamp                = {2015.08.17}
}

@inproceedings{vedaldi2010vlfeat,
  title={VLFeat: An open and portable library of computer vision algorithms},
  author={Vedaldi, Andrea and Fulkerson, Brian},
  booktitle={Proceedings of the international conference on Multimedia},
  pages={1469--1472},
  year={2010},
  organization={ACM}
}

@book{elad2010sparse,
 author = {Elad, Michael},
 title = {Sparse and Redundant Representations: From Theory to Applications in Signal and Image Processing},
 year = {2010},
 edition = {1st},
 publisher = {Springer Publishing Company, Incorporated},
}

@article{mallat1993matching,
  title={Matching pursuits with time-frequency dictionaries},
  author={Mallat, St{\'e}phane G and Zhang, Zhifeng},
  journal={Signal Processing, IEEE Transactions on},
  volume={41},
  number={12},
  pages={3397--3415},
  year={1993},
  publisher={IEEE}
}

@inproceedings{pati1993orthogonal,
  title={Orthogonal matching pursuit: Recursive function approximation with applications to wavelet decomposition},
  author={Pati, Yagyensh Chandra and Rezaiifar, Ramin and Krishnaprasad, PS},
  booktitle={Signals, Systems and Computers, 1993. 1993 Conference Record of The Twenty-Seventh Asilomar Conference on},
  pages={40--44},
  year={1993},
  organization={IEEE}
}

@article{davis1997adaptive,
  title={Adaptive greedy approximations},
  author={Davis, Geoff and Mallat, Stephane and Avellaneda, Marco},
  journal={Constructive approximation},
  volume={13},
  number={1},
  pages={57--98},
  year={1997},
  publisher={Springer}
}
